<?xml version="1.0" encoding="UTF-8"?><collection xmlns="http://www.loc.gov/MARC21/slim"><record><leader>00507nam--2200169-i-4500</leader><controlfield tag="001">000026223</controlfield><controlfield tag="002">20161230</controlfield><controlfield tag="005">20161230201036</controlfield><controlfield tag="008">060222s1000------------r-----000-0-eng-d</controlfield><datafield ind1=" " ind2=" " tag="040"><subfield code="a">IFIN-HH</subfield></datafield><datafield ind1="1" ind2=" " tag="100"><subfield code="a">Kotkin, G.L</subfield></datafield><datafield ind1="1" ind2="0" tag="245"><subfield code="a">Collection of problems in classical mechanics</subfield><subfield code="c">G.L. Kotkin, V.G. Serbo</subfield></datafield><datafield ind1=" " ind2=" " tag="260"><subfield code="a">Oxford, Pergamon Press, 1970</subfield></datafield><datafield ind1=" " ind2=" " tag="490"><subfield code="a">International Series Of Monographs In Natural Phylosophy</subfield><subfield code="v">Vol. 31</subfield></datafield><datafield ind1="1" ind2=" " tag="700"><subfield code="a">Serbo, V.G</subfield></datafield><datafield ind1=" " ind2=" " tag="852"><subfield code="a">37557</subfield><subfield code="c">531</subfield></datafield><datafield ind1=" " ind2=" " tag="CAT"><subfield code="a">Sys</subfield><subfield code="c">20100624</subfield><subfield code="h">115356</subfield></datafield></record></collection>